@article{2020,
  title = {Free {{Holomorphic Functions}}},
  date = {2020-03-26},
  journaltitle = {Operator Analysis},
  pages = {313--329},
  doi = {10.1017/9781108751292.015},
  abstract = {A summary is not available for this content so a preview has been provided. Please use the Get access link above for information on how to access this content.},
  annotation = {MAG ID: 4211022519 S2ID: 7ea42d037ff5900070c192a30f2a4471127ea883}
}

@article{AbdulAzizShahid2021,
  title = {The {{Picard}}–{{Mann}} Iteration with s-Convexity in the Generation of {{Mandelbrot}} and {{Julia}} Sets},
  author = {{Abdul Aziz Shahid} and Shahid, Abdul Aziz and Shahid, A. and {Waqas Nazeer} and Nazeer, Waqas and {Krzysztof Gdawiec} and Gdawiec, Krzysztof},
  date = {2021-07-01},
  journaltitle = {Monatshefte für Mathematik},
  volume = {195},
  number = {4},
  pages = {1--20},
  doi = {10.1007/s00605-021-01591-z},
  abstract = {In recent years, researchers have studied the use of different iteration processes from fixed point theory in the generation of complex fractals. For instance, the Mann, Ishikawa, Noor, Jungck–Mann and Jungck–Ishikawa iterations have been used. In this paper, we study the use of the Picard–Mann iteration with s-convexity in the generation of Mandelbrot and Julia sets. We prove the escape criterion for the                                                           \$\$(k+1)\$\$                           st degree complex polynomial. Moreover, we present some graphical and numerical examples regarding Mandelbrot and Julia sets generated using the proposed iteration.},
  annotation = {MAG ID: 3179896131 S2ID: b8127ed8f936124b14ba56e539da7cc1ffd0c7e4},
  file = {C:\Users\kubab\Zotero\storage\9RXPG3W9\Abdul Aziz Shahid et al. - 2021 - The Picard–Mann iteration with s-convexity in the .pdf}
}

@book{Beardon,
  title = {Iteration of Rational Functions},
  author = {Beardon, Alan F},
  url = {https://zr9558.files.wordpress.com/2013/11/iteration-of-rational-functions.pdf},
  langid = {Angielski},
  pagetotal = {296}
}

@article{BenoitB.Mandelbrot1983,
  title = {The Fractal Geometry of Nature /{{Revised}} and Enlarged Edition/},
  author = {{Benoît B. Mandelbrot} and Mandelbrot, B. B.},
  date = {1983-01-01},
  annotation = {MAG ID: 2990266177 S2ID: 032e0dc3c423463f3c9edc8091357aa97fb50a9c}
}

@article{CuiZou2020,
  title = {Mandelbrot {{Sets}} and {{Julia Sets}} in {{Picard-Mann Orbit}}},
  author = {{Cui Zou} and Zou, Cui and {Abdul Aziz Shahid} and Shahid, Abdul Aziz and Shahid, A. and {Asifa Tassaddiq} and Tassaddiq, Asifa and {Arshad Khan} and Khan, Arshad and {Maqbool Ahmad} and Ahmad, Maqbool},
  date = {2020-01-01},
  journaltitle = {IEEE Access},
  volume = {8},
  pages = {64411--64421},
  doi = {10.1109/access.2020.2984689},
  abstract = {The purpose of this paper is to introduce the Mandelbrot and Julia sets by using Picard-Mann iteration procedure. Escape criteria is established which plays an important role to generate Mandelbrot and Julia sets. Also, numerous graphical pictures of these sets have been visualized and certain examples have been recognized. Presented results shows that fractal images generated by Picard-Mann iteration procedure are entirely different from those generated in Mann orbit.},
  annotation = {MAG ID: 3014450152},
  file = {C:\Users\kubab\Zotero\storage\8UQCFS5W\Cui Zou et al. - 2020 - Mandelbrot Sets and Julia Sets in Picard-Mann Orbi.pdf}
}

@article{Gian-CarloRota1994,
  title = {Iteration of {{Rational Functions}}, {{A}}. {{F}}. {{Beardon}}, {{Springer}}, 1991, 280 Pp.},
  author = {{Gian‐Carlo Rota} and Rota, G.-C.},
  date = {1994-02-01},
  journaltitle = {Advances in Mathematics},
  volume = {103},
  number = {2},
  pages = {260},
  doi = {10.1006/aima.1994.1012},
  annotation = {MAG ID: 2010731278 S2ID: f61099933a2c0c64d7bcd0c553261f4868c183c5}
}

@article{Heinz-OttoPeitgen2004,
  title = {Chaos and {{Fractals}}},
  author = {{Heinz‐Otto Peitgen} and Peitgen, Heinz-Otto and {Hartmut Jürgens} and Jürgens, Hartmut and {Dietmar Saupe} and {Dietmar Saupe} and Saupe, Dietmar},
  date = {2004-02-01},
  doi = {10.1007/978-1-4757-4740-9},
  annotation = {MAG ID: 33980575 S2ID: 457a2989575ee38e7494b81ef004f29ce8047621}
}

@article{JacobS.Christiansen2021,
  title = {Filled {{Julia Sets}} of {{Chebyshev Polynomials}}},
  author = {{Jacob S. Christiansen} and Christiansen, Jacob S. and {Christian Henriksen} and Henriksen, Christian and {Henrik Pedersen} and Pedersen, Henrik L. and {Carsten Lunde Petersen} and Petersen, Carsten Lunde},
  date = {2021-06-19},
  journaltitle = {Journal of Geometric Analysis},
  volume = {31},
  number = {12},
  pages = {1--14},
  doi = {10.1007/s12220-021-00716-y},
  abstract = {We study the possible Hausdorff limits of the Julia sets and filled Julia sets of subsequences of the sequence of dual Chebyshev polynomials of a non-polar compact set K in C and compare such limits to K. Moreover, we prove that the measures of maximal entropy for the sequence of dual Chebyshev polynomials of K converges weak* to the equilibrium measure on K.},
  annotation = {ARXIV\_ID: 2106.06392 MAG ID: 3175999906 S2ID: 30c6a086dcfe9827c5bee0a8a8d7809a83e426d7},
  file = {C:\Users\kubab\Zotero\storage\UYBYYN7I\Jacob S. Christiansen et al. - 2021 - Filled Julia Sets of Chebyshev Polynomials.pdf}
}

@article{JeanDouccot2021,
  title = {Diagrams and Irregular Connections on the {{Riemann}} Sphere},
  author = {{Jean Douccot}},
  date = {2021},
  abstract = {We define a diagram associated to any algebraic connection on a vector bundle on a Zariski open subset of the Riemann sphere, extending the definition of Boalch-Yamakawa to the general case featuring several irregular singularities, possibly ramified. We prove that the diagram is invariant under the symplectic automorphisms of the Weyl algebra, encompassing the Fourier-Laplace transform. As an application, we establish several new cases of the observation that different Lax representations of a given Painlev\textbackslash 'e-type equation may be read off directly from the diagram, corresponding to connections with different formal data, usually on different rank bundles.},
  annotation = {ARXIV\_ID: 2107.02516 S2ID: 45ca2a1467dca9589b0d88234f54080117e261aa}
}

@article{JijianSong2015,
  title = {Certain Rational Functions on the {{Riemann}} Sphere with More than Three Branch Points},
  author = {{Jijian Song} and Song, Ji-jian and {Bin Xu} and Xu, Bin},
  date = {2015-10-20},
  journaltitle = {arXiv: Geometric Topology},
  abstract = {Consider a collection \$\textbackslash Lambda\$ of partitions of a positive integer \$d\$ with form \$\$(a\_1,\textbackslash cdots, a\_p),\textbackslash,(b\_1,\textbackslash cdots, b\_q),\textbackslash,(m\_1+1,1,\textbackslash cdots,1),\textbackslash cdots, (m\_l+1,1,\textbackslash cdots,1),\$\$ where \$(m\_1,\textbackslash cdots, m\_l)\$ is a partition of \$p+q-2{$>$}0\$. We prove that there exists a rational function on the Riemann sphere with branch data \$\textbackslash Lambda\$ if and only if \$\textbackslash max\textbackslash bigl(m\_1,\textbackslash cdots,m\_l\textbackslash bigr)\$ is less than \$d/\{\textbackslash rm GCD\}(a\_1,\textbackslash cdots, a\_p,b\_1,\textbackslash cdots, b\_q)\$, which generalizes a theorem of G. Boccara in Discrete Math.(1982). As an application, we give a new class of branch data which can be realized by Belyi functions on the Riemann sphere.},
  annotation = {MAG ID: 1812454906 S2ID: ea5a7ba3278eae9b46ad19c67489b3308e36561c}
}

@inproceedings{Kosek2002,
  title = {Zbiory {{Julii}}},
  author = {Kosek, MarTa},
  date = {2002},
  location = {{Kraków}},
  abstract = {Streszczenie. Rozważamy iteracje wielomianu stopnia co najmniej dwa oraz zbiór Julii dla takiego wielomianu — dopełnienie otwartego zbioru, na którym ciąg iteracji jest lokalnie rodziną normalną. Podajemy własności takiego zbioru oraz definiujemy wypełniony zbiór Julii — zbiór punktów, dla których orbita dodatnia jest ograniczona. Pokazujemy, że tak zdefiniowany zbiór jest punktem stałym pewnego odwzorowania zwężającego z przestrzeni Klimka zbiorów zwar tych wielomianowo wypukłych i regularnych w tę samą przestrzeń. Zaznaczamy także, że można konstruować zbiory typu Julii składając różne wielomiany na każdym kroku, zamiast ¡terować jeden wielomian, tracąc jednak przy tym na regularności — zbiór nie musi już być wtedy zbiorem Markowa.},
  eventtitle = {V {{Ogólnopolskie Warsztaty}} Dla {{Młodych Matematyków Teoria Aproksymacji}}, 23-29 Września 2002}
}

@article{L.Ahlfors2012,
  title = {{{MATH}} 722: {{COMPLEX ANALYSIS SPRING SEMESTER}} 2012},
  author = {{L. Ahlfors} and {E. Hille} and {E. Stein}},
  date = {2012},
  abstract = {1) Complex Analysis by Lars V. Ahlfors, Third Edition, McGraw-Hill, (QA331 A45 1979) This is a standard text, written by a winner of the Fields medal. 2) Analytic Function Theory by Einar Hille, Volume I and II, Chelsea Publishing Company, (QA331 H54 1973) The second volume especially has discussions of a number of interesting topics. 3) (a) Elements of the Theory of Functions by Konrad Knopp, Dover, (QA331 K6814) (b) Theory of Functions, Parts I and II, by Konrad Knopp, Dover, (QA331 K713) (c) Problem Book in the Theory of Functions, Volumes I and II, Dover, (QA331 K663) These books give a concise (and inexpensive) introduction to complex analysis. The Problem Book is a good source of exercises, with answers. 4) Complex Analysis in One Variables by Raghavan Narasimhan, Birkhauser, (QA331 N27 1985) This book presents the subject from a modern point of view. It includes a differentialgeometric proof of Picard’s ‘big theorem’. 5) Analytic Functions by Stanislaw Saks and Antoni Zygmund, Polich Scientific Publishers, (QA331 S315 1971) This is an elegant, classical introduction to the subject. 6) Complex Analysis by Elias M. Stein and Rami Shakarchi, Princeton University Press, (QA331 S74 2003) This is part of a four-volume introduction to analysis for ‘Princeton undergraduates’. Much of the focus is on applications to number theory. 7) The Theory of Functions by E.C. Titchmarsh, Oxford University Press, (QA331 T5) This is another elegant classic.},
  annotation = {S2ID: e788eb5d4fa3e7c14b597575711ef3c46a0ff8b0}
}

@article{LarsV.Ahlfors1985,
  title = {Complex Analysis : An Introduction to Theory of Analytic Functions of One Complex Variable / {{Lars V}}. {{Ahlfors}}},
  author = {{Lars V. Ahlfors} and Ahlfors, Lars V.},
  date = {1985-01-01},
  volume = {1985},
  number = {1985},
  pages = {1--99},
  annotation = {MAG ID: 2341919092 S2ID: 3d7c49a2135bd14ab15022f198851c45b835a95a}
}

@article{Marius-F.Danca2023,
  title = {Mandelbrot Set and {{Julia}} Sets of Fractional Order},
  author = {{Marius‐F. Danca} and {Michal Fečkan}},
  date = {2023-02-25},
  journaltitle = {Nonlinear dynamics},
  volume = {111},
  number = {10},
  pages = {9555--9570},
  doi = {10.1007/s11071-023-08311-2},
  abstract = {In this paper, the fractional-order Mandelbrot and Julia sets in the sense of q-th Caputo-like discrete fractional differences, for \$\$q\textbackslash in (0,1)\$\$ , are introduced and several properties are analytically and numerically studied. Some intriguing properties of the fractional models are revealed. Thus, for \$\$q\textbackslash uparrow 1\$\$ , contrary to expectations, it is not obtained the known shape of the Mandelbrot of integer order, but for \$\$q\textbackslash downarrow 0\$\$ . Also, we conjecture that for \$\$q\textbackslash downarrow 0\$\$ , the fractional-order Mandelbrot set is similar to the integer-order Mandelbrot set, while for \$\$q\textbackslash downarrow 0\$\$ and \$\$c=0\$\$ , one of the underlying fractional-order Julia sets is similar to the integer-order Mandelbrot set. In support of our conjecture, several extensive numerical experiments were done. To draw the Mandelbrot and Julia sets of fractional order, the numerical integral of the underlying initial values problem of fractional order is used, while to draw the sets, the escape-time algorithm adapted for the fractional-order case is used. The algorithm is presented as pseudocode.},
  annotation = {ARXIV\_ID: 2210.02037 MAG ID: 4321851615 S2ID: 80fc5ca7a4b53d606441d4ffc1ca865d550f5ca0},
  file = {C:\Users\kubab\Zotero\storage\BDL4WSY7\Marius‐F. Danca i Michal Fečkan - 2023 - Mandelbrot set and Julia sets of fractional order.pdf}
}

@article{NorbertSchappacher2020,
  title = {Mandelbrot, {{Benoît B}}.: {{The Fractal Geometry}} of {{Nature}}},
  author = {{Norbert Schappacher} and Schappacher, Norbert},
  date = {2020},
  pages = {1--2},
  doi = {10.1007/978-3-476-05728-0_15430-1},
  annotation = {MAG ID: 3106989565 S2ID: 7d09179b7c488d78acb2ca8aac69c766af1de3e0}
}

@article{SergeiNatanzon,
  title = {Holomorphic {{Functions}}},
  author = {{Sergei Natanzon} and {Sergey M. Natanzon}},
  journaltitle = {Moscow lectures},
  doi = {10.1007/978-3-030-34640-9_1},
  abstract = {By a domain Domain we mean a connected open subset of the complex plane. The correspondence (x, y) ↔ z = x + iy between the real plane \$\$\textbackslash mathbb \{R\}\^2\$\$ and the complex plane \$\$\textbackslash mathbb \{C\}\$\$ allows one to regard a complex-valued function of a complex variable as In what follows, we will often switch between these interpretations.},
  annotation = {MAG ID: 4229604512 S2ID: a8c41751aad2640ceafaa95bcdc5786eeb13759d}
}

@article{SunYoungCho2016,
  title = {Fixed Point Results for Fractal Generation in {{Noor}} Orbit and S-Convexity},
  author = {{Sun Young Cho} and Cho, Sun Young and {Abdul Aziz Shahid} and Shahid, Abdul Aziz and Shahid, A. and {Waqas Nazeer} and Nazeer, Waqas and {Shin Min Kang} and Kang, Shin Min},
  date = {2016-10-21},
  journaltitle = {SpringerPlus},
  volume = {5},
  number = {1},
  eprint = {27818881},
  eprinttype = {pmid},
  pages = {1843--1843},
  doi = {10.1186/s40064-016-3530-5},
  abstract = {In this note, we give fixed point results in fractal generation (Julia sets and Mandelbrot sets) by using Noor iteration scheme with s-convexity. Researchers have already presented fixed point results in Mann and Ishikawa orbits that are examples of one-step and two-step feedback processes respectively. In this paper we present fixed point results in Noor orbit, which is a three-step iterative procedure.},
  annotation = {MAG ID: 2536868324}
}

@online{ToddRowland,
  author = {{Todd Rowland} and {Weisstein Eric}},
  url = {https://mathworld.wolfram.com/C-Star.html},
  langid = {Angielski},
  organization = {{Wolfram Mathworld}}
}

@online{Weisstein,
  title = {Invariant},
  author = {Weisstein, Eric W},
  url = {https://mathworld.wolfram.com/Invariant.html},
  abstract = {"Invariant." From MathWorld--A Wolfram Web Resource},
  organization = {{A Wolfram Web Resource}}
}

@online{Weissteina,
  title = {Mandelbrot Set.},
  author = {Weisstein, Eric W},
  url = {https://mathworld.wolfram.com/MandelbrotSet.html},
  langid = {Angielski},
  organization = {{Wolfram Mathworld}}
}

@thesis{Ziec2013,
  type = {Praca inżynierska},
  title = {Wizualizacja zbiorów Julii 3D},
  author = {Zięć, Jakub Konrad},
  date = {2013/2014},
  institution = {{Politechnika Warszawska}},
  location = {{Warszawa}},
  abstract = {Niniejsza praca dotyczy interaktywnej wizualizacji zbiorów Julii w przestrzeni 3D. W pracy przybliżono temat zbiorów Julii w przestrzeni kwaternionów oraz sposób ich wizualizacji przy użyciu techniki śledzenia promienia. Do tego celu użyto wzór na oszacowanie odległości punktu leżącego poza zbiorem Julii do tego zbioru. Do wizualizacji została użyta programowalna karta graficzna. Implementacja algorytmu na GPU zapewnia znaczne szybsze wykonywanie obliczeń przez co możliwe jest eksplorowanie struktury zbioru w czasie rzeczywistym.},
  langid = {polish},
  pagetotal = {34}
}

@misc{zotero-1,
  type = {misc}
}

@online{zotero-24,
  title = {Julia set Wikipedia},
  url = {https://en.wikipedia.org/wiki/Julia_set#Formal_definition},
  langid = {Angielski}
}

@online{zotero-29,
  title = {Chaos in an {{Atmosphere Hanging}} on a {{Wall}}},
  url = {http://mpe.dimacs.rutgers.edu/2013/03/17/chaos-in-an-atmosphere-hanging-on-a-wall/},
  abstract = {Źródło cytatu},
  organization = {{Mathematics of Planet Earth}}
}

@online{zotero-3,
  title = {Filled {{Julia}} Set},
  url = {https://en.wikipedia.org/wiki/Filled_Julia_set#cite_ref-2},
  organization = {{Filled Julia set}}
}

@misc{zotero-5,
  title = {Complex {{Analysis}}},
  organization = {{World Scientific}}
}
